@book{roederer,
    author = {Juan G. Roederer},
    title = {Electromagnetismo elemental},
    edition = {Segunda edición},
    date = {2020},
}

@online{manual_multimetro,
    author = {Manualslib},
    title = {UNI-T UT55 Operating manual},
    url = {https://www.manualslib.com/manual/538639/Uni-T-Ut51-55.html#manual},
}

@online{manual_generador,
    author = {Tektronix},
    title = {AFG1022 Arbitrary/Function Generator Quick Start User Manual},
    url = {
           https://download.tek.com/manual/AFG1022-Quick-Start-User-Manual-EN.pdf
           },
}

@online{manual_osciloscopio,
    author = {Tektronix},
    title = {TBS1000B and TBS1000B-EDU Series Digital Storage Oscilloscopes User
             Manual},
    url = {https://download.tek.com/manual/TBS1000B-User-Manual-077088601_2.pdf},
}

@online{manual_extech,
    author = {Extech Instruments},
    title = {Passive Component LCR Meter User Guide},
    url = {
           https://www.manualslib.com/manual/1299838/Extech-Instruments-380193.html#manual
           },
}

@online{manual_protek,
    author = {Protek},
    title = {Protek 506 Digital multimeter},
    url = {https://dokumen.tips/documents/multimeter-protek-506pdf.html?page=1},
}

@article{boltzmann,
    author = { Ludwig Boltzmann },
    title = "Ableitung des Stefan'schen Gesetzes, betreffend die Abhängigkeit
             der Wärmestrahlung von der Temperatur aus der electromagnetischen
             Lichttheorie. (Alemán) [Derivacion de la ley de stefan sobre la
             dependencia de la radiacion termica de la temperatura, a partir de
             la teoria electromagnetica de la luz]",
    journal = "Annalen der Physik",
    pages = "291--295",
    date = { 1884 },
}

@online{guia_piezoelectrico,
    title = {Piezoelectricidad},
    author = {Departamento de Física-FCEyN - UBA},
    url = {http://materias.df.uba.ar/labo4Ba2016c1/files/2014/03/Piezo.pdf},
}
